
@webpage{GanttSystemWeb,
  title = {GanttProject主页},
  author = {GanttProject开发组},
  publisher = {GanttProject开发组},
  year = {2020},
  month = {3},
  url = {http://www.ganttproject.biz},
  modifydate={2020/3/25},
  citedate={2020/3/25}
}

@book{Pohl2010Requirements,
  author    = {Klaus Pohl},
  title     = {Requirements Engineering - Fundamentals, Principles, and Techniques},
  publisher = {Springer},
  year      = {2010},
  url       = {http://www.springer.com/computer/swe/book/978-3-642-12577-5?changeHeader},
  isbn      = {978-3-642-12577-5},
  timestamp = {Fri, 04 Feb 2011 11:23:26 +0100},
  biburl    = {https://dblp.org/rec/bib/books/daglib/0024869},
  bibsource = {dblp computer science bibliography, https://dblp.org}
}

@article{DBLP:journals/computer/EgyedZHD18,
  author    = {Alexander Egyed and
               Klaus Zeman and
               Peter Hehenberger and
               Andreas Demuth},
  title     = {Maintaining Consistency across Engineering Artifacts},
  journal   = {{IEEE} Computer},
  volume    = {51},
  number    = {2},
  pages     = {28--35},
  year      = {2018},
  url       = {https://doi.org/10.1109/MC.2018.1451666},
  doi       = {10.1109/MC.2018.1451666},
  timestamp = {Tue, 06 Mar 2018 17:05:11 +0100},
  biburl    = {https://dblp.org/rec/bib/journals/computer/EgyedZHD18},
  bibsource = {dblp computer science bibliography, https://dblp.org}
}

@article{cyg2006,
  title={基于分布式中间件的传感器网络软件体系结构研究},
  author={程远国 and 尹迪},
  journal={计算机工程与科学},
  number={s2},
  pages={4-5},
  year={2006},
}

@article{DBLP:journals/ml/TingZCZWZ19,
  author    = {Kai Ming Ting and
               Ye Zhu and
               Mark J. Carman and
               Yue Zhu and
               Takashi Washio and
               Zhi{-}Hua Zhou},
  title     = {Lowest probability mass neighbour algorithms: relaxing the metric
               constraint in distance-based neighbourhood algorithms},
  journal   = {Machine Learning},
  volume    = {108},
  number    = {2},
  pages     = {331--376},
  year      = {2019},
  url       = {https://doi.org/10.1007/s10994-018-5737-x},
  doi       = {10.1007/s10994-018-5737-x},
  timestamp = {Wed, 06 Mar 2019 08:18:15 +0100},
  biburl    = {https://dblp.org/rec/bib/journals/ml/TingZCZWZ19},
  bibsource = {dblp computer science bibliography, https://dblp.org}
}
@book{simulator1,
  title={Flight simulation: virtual environments in aviation},
  author={Lee, Alfred T},
  year={2017},
  publisher={Routledge}
}
@article{simulator2,
  title={Brief history of flight simulation},
  author={Page, Ray L},
  journal={SimTecT 2000 proceedings},
  pages={11--17},
  year={2000},
  publisher={Simulation Industry Association of Australia Lindfield, Australia}
}
@article{simulator3,
  title={现代飞行模拟机技术发展概述},
  author={陈又军},
  journal={中国民航飞行学院学报},
  number={2},
  pages={25--27},
  year={2011}
}
@article{Lua, 
author = {宋宏江}, 
title = {一种基于Lua脚本的航天器遥控快速测试验证技术}, 
journal = {航天器工程}, 
volume = {29}, 
number = {182-186}, 
year = {2020}, 
issn = {1673-8748}, 
doi ={} 
}
@mastersthesis{ce1, 
author = {李响}, 
title = {基于Unity3D的ECS框架的设计与实现}, 
school = {上海交通大学}, 
year = {2019} 
}
@inproceedings{Protobuf1,
  title={Google protocol buffers research and application in online game},
  author={Feng, Jianhua and Li, Jinhong},
  booktitle={IEEE conference anthology},
  pages={1--4},
  year={2013},
  organization={IEEE}
}
@inproceedings{Protobuf2,
  title={A comparison of data serialization formats for optimal efficiency on a mobile platform},
  author={Sumaray, Audie and Makki, S Kami},
  booktitle={Proceedings of the 6th international conference on ubiquitous information management and communication},
  pages={1--6},
  year={2012}
}
@webpage{Protobuf3,
    author= {Google LLC},
    year  = {2008},
    publisher = {Google LLC},
    title = {How Protocol Buffers encodes data to files},
    url={https://protobuf.dev/programming-guides/encoding/},
}
@article{zerocopy1,
  title={Efficient data transfer through zero copy},
  author={Palaniappan, Sathish K and Nagaraja, Pramod B},
  journal={IBM developerworks},
  pages={184},
  year={2008}
}
@webpage{iata,
    author= {国际航空运输协会},
    year  = {2022},
    title = {国际航协 2021 年全球航空运输安全报告},
    url={https://www.iata.org/contentassets/8a147274808e4700bf3aee94e31b00f2/2022-03-02-01-cn.pdf},
}
@webpage{minhang,
    author= {中国民用航空局},
    year  = {2022},
    title = {2021年全国民用运输机场生产统计公报},
    url={https://www.mot.gov.cn/tongjishuju/minhang/202204/t20220408_3649981.html},
}
@webpage{variflight,
    author= {飞常准},
    year  = {2023},
    title = {2022年度全球民航航班运行报告},
    url={https://data.variflight.com/reports},
}
@techreport{normalize1,
    author= {中国民用航空局},
    year  = {2019},
    title = {飞机飞行模拟机鉴定使用标准},
    institution   = {中国民用航空局飞行标准司},
}
@techreport{normalize2,
    author= {ICAO},
    year  = {1995},
    title = {飞行模拟机鉴定标准手册},
    institution   = {国际民航组织},
}
@inproceedings{simhis1,
  title={The Sanders Teacher},
  author={Haward,D.M.},
  booktitle={Flight Vol 2 No.50},
  pages={1006--1007},
  year={1910}
}
@misc{simhis2,
    author= {Lender,P. Heidelberg},
    year  = {1917},
    title = {British Patent 127,820, British Patent 158,522},
    note  = {First Filed 1917},
}
@phdthesis{simhis3, 
author = {戈文一}, 
title = {面向D级飞行模拟机视景系统的高真实感三维地形构建关键技术研究}, 
school = {四川大学}, 
year = {2021} 
}
@article{simhis4,
  title={高等级飞行模拟机视景客观测试方法研究},
  author={刘长发 and 李慧涌},
  journal={系统仿真学报},
  volume={28},
  number={7},
  pages={1609},
  year={2016}
}
@article{vishis1,
  title={A Visual System for Flight Simulators},
  author={Hellings,E.T. Emms.},
  journal={British Communications and Electronics},
  volume={15},
  number={5},
  pages={334--337},
  year={1960}
}
@article{vishis2,
  title={Collimated Displays for Flight Simulation},
  author={Spooner, A Michael},
  journal={Optical Engineering},
  volume={15},
  number={3},
  pages={215--219},
  year={1976},
  publisher={SPIE}
}
@webpage{vishis3,
    author= {CAE},
    year  = {2018},
    title = {CAE 7000XR Series Level D Full-flight Simulator},
    url = {https://www.cae.com/civil-aviation/aviation-simulation-equipment/training-equipment/full-flight-simulators/cae7000xr/}
}
@mastersthesis{engine1, 
author = {张宇}, 
title = {基于虚幻4的场景植被系统的设计与实现}, 
school = {南京大学}, 
year = {2017} 
}
@article{engine2, 
author = {王龙}, 
title = {游戏引擎研究与分析}, 
journal = {软件导刊}, 
volume = {}, 
number = {5-7}, 
year = {2018}, 
issn = {1672-7800}, 
doi ={} 
}
@article{engine3, 
author = {黄河}, 
title = {游戏引擎环境下4K虚拟演播室系统设计探讨}, 
journal = {数字技术与应用}, 
volume = {}, 
number = {176-178}, 
year = {2022}, 
issn = {1007-9416}, 
doi ={10.19695/j.cnki.cn12-1369.2022.11.54} 
}
@article{engine4,
  title={飞行模拟器视景系统的设计与实现},
  author={董鸿鹏 and 王春财 and 张波},
  journal={计算机应用},
  volume={38},
  number={A01},
  pages={228--231},
  year={2018}
}
@mastersthesis{engine5, 
author = {杜日旭}, 
title = {通用飞机飞行模拟器视景系统的研究与开发}, 
school = {沈阳航空航天大学}, 
year = {2014} 
}
@article{frame, 
author = {柏龄}, 
title = {从《阿凡达:水之道》浅析3D技术及高帧率技术的发展与应用}, 
journal = {现代电影技术}, 
volume = {11}, 
number = {50-53}, 
year = {2022}, 
}
@article{winpcap1,
  title={Development of an architecture for packet capture and network traffic analysis},
  author={Degioanni, Loris},
  journal={Graduation Thesis, Politecnico Di Torino (Turin, Italy},
  year={2000}
}
@inproceedings{winpcap2,
  title={Design and research based on WinPcap network protocol analysis system},
  author={Lu, Xiaofan and Sun, Weijia and Li, Huiping},
  booktitle={2010 International Conference on Computer, Mechatronics, Control and Electronic Engineering},
  volume={1},
  pages={486--488},
  year={2010},
  organization={IEEE}
}
@inproceedings{winpcap3,
  title={Profiling and optimization of software-based network-analysis applications},
  author={Degioanni, Loris and Baldi, Mario and Risso, Fulvio and Varenni, Gianluca},
  booktitle={Proceedings. 15th Symposium on Computer Architecture and High Performance Computing},
  pages={226--234},
  year={2003},
  organization={IEEE}
}
@article{nagle1,
  title={Analysis of network traffic congestion control over tcp protocol},
  author={Hanif, Muhammad Kashif and Aamir, Sheikh Muhammad and Talib, Ramzan and Saeed, Yahya},
  journal={IJCSNS},
  volume={17},
  number={7},
  pages={21},
  year={2017}
}
@article{nagle2,
  title={Application performance pitfalls and TCP's Nagle algorithm},
  author={Minshall, Greg and Saito, Yasushi and Mogul, Jeffrey C and Verghese, Ben},
  journal={ACM SIGMETRICS Performance Evaluation Review},
  volume={27},
  number={4},
  pages={36--44},
  year={2000},
  publisher={ACM New York, NY, USA}
}
@inproceedings{tbus1,
  title={Service mesh: Challenges, state of the art, and future research opportunities},
  author={Li, Wubin and Lemieux, Yves and Gao, Jing and Zhao, Zhuofeng and Han, Yanbo},
  booktitle={2019 IEEE International Conference on Service-Oriented System Engineering (SOSE)},
  pages={122--1225},
  year={2019},
  organization={IEEE}
}
@inproceedings{tbus2,
  title={Sidecar: building programmable datacenter networks without programmable switches},
  author={Shieh, Alan and Kandula, Srikanth and Sirer, Emin Gun},
  booktitle={Proceedings of the 9th ACM SIGCOMM Workshop on Hot Topics in Networks},
  pages={1--6},
  year={2010}
}
@book{crossengine,
  title={Game engine architecture},
  author={Gregory, Jason},
  year={2018},
  publisher={CRC Press}
}
@article{crood1,
  title={2000 中国大地坐标系及其与 WGS84 的比较},
  author={魏子卿},
  journal={大地测量与地球动力学},
  volume={28},
  number={5},
  pages={1--5},
  year={2008}
}
@article{crood2,
  title={Sensor alignment with earth-centered earth-fixed (ECEF) coordinate system},
  author={Zhou, Yifeng and Leung, Henry and Blanchette, Martin},
  journal={IEEE Transactions on Aerospace and Electronic systems},
  volume={35},
  number={2},
  pages={410--418},
  year={1999},
  publisher={IEEE}
}
@article{crood3,
  title={Ellipsoidal Clipmaps--A planet-sized terrain rendering algorithm},
  author={Dimitrijevi{\'c}, Aleksandar M and Ran{\v{c}}i{\'c}, Dejan D},
  journal={Computers \& Graphics},
  volume={52},
  pages={43--61},
  year={2015},
  publisher={Elsevier}
}
@techreport{crood4,
    author= {Christophe Maurel},
    year  = {2003},
    title = {CAE Tropos™ Interface Control Document},
    institution  = {CAE Tropos™},
}
@book{rotate1,
  title={Fundamentals of Computer Graphics fifth edition},
  author={Steve Marschner, Peter Shirley},
  year={2022},
  publisher={CRC Press}
}
@inproceedings{rotate2,
  title={Animating rotation with quaternion curves},
  author={Shoemake, Ken},
  booktitle={Proceedings of the 12th annual conference on Computer graphics and interactive techniques},
  pages={245--254},
  year={1985}
}
@article{rotate3,
  title={Perspectives on Euler angle singularities, gimbal lock, and the orthogonality of applied forces and applied moments},
  author={Hemingway, Evan G and O’Reilly, Oliver M},
  journal={Multibody System Dynamics},
  volume={44},
  pages={31--56},
  year={2018},
  publisher={Springer}
}
@article{cha4,
  title={THE ACCURACY OF GEODETIC LATITUDE AND HEIGHT EQUATIONS},
  author={B. R. Bowring},
  journal={Survey Review},
  year={1985},
  volume={28},
  pages={202-206}
}
@article{wireshark1, 
author = {罗青林,徐克付,臧文羽 & 刘金刚}, 
title = {Wireshark环境下的网络协议解析与验证方法},
 journal = {计算机工程与设计}, 
 volume = {32}, 
 number = {770-773}, 
 year = {2011}, 
 issn = {1000-7024}, 
 doi ={10.16208/j.issn1000-7024.2011.03.068} 
 }
 @book{wireshark2,
  title={Wireshark \& Ethereal network protocol analyzer toolkit},
  author={Orebaugh, Angela and Ramirez, Gilbert and Beale, Jay},
  year={2006},
  publisher={Elsevier}
}
@article{lerp1, 
author = {刘爱东,黄彬 & 卢中武}, 
title = {基于四元数的坐标旋转与插值方法研究}, 
journal = {计算机与现代化}, 
volume = {No.198}, 
number = {44-47+51}, 
year = {2012}, 
issn = {1006-2475}, 
doi ={} 
}
@article{lerp2, 
author = {符祥 & 郭宝龙}, 
title = {图像插值技术综述}, 
journal = {计算机工程与设计}, 
volume = {30}, 
number = {141-144+193}, 
year = {2009}, 
issn = {1000-7024}, 
doi ={10.16208/j.issn1000-7024.2009.01.026} 
}